@article{mariella2019length,
  title={The length of the expressed 3â€² UTR is an intermediate molecular phenotype linking genetic variants to complex diseases},
  author={Mariella, Elisa and Marotta, Federico and Grassi, Elena and Gilotto, Stefano and Provero, Paolo},
  journal={Frontiers in genetics},
  volume={10},
  pages={714},
  year={2019},
  publisher={Frontiers Media SA}
}

@article{grassi2017functional,
  title={A functional strategy to characterize expression Quantitative Trait Loci},
  author={Grassi, Elena and Mariella, Elisa and Forneris, Mattia and Marotta, Federico and Catapano, Marika and Molineris, Ivan and Provero, Paolo},
  journal={Human Genetics},
  volume={136},
  number={11},
  pages={1477--1487},
  year={2017},
  publisher={Springer Berlin Heidelberg Berlin/Heidelberg}
}

@article{marotta2020fplyr,
  title={fplyr: the split-apply-combine strategy for big data in R},
  author={Marotta, Federico},
  journal={arXiv preprint arXiv:2005.04711},
  year={2020}
}

@article{marotta2021prediction,
  title={Prediction of gene expression from regulatory sequence composition enhances transcriptome-wide association studies},
  author={Marotta, Federico and Mozafari, Reza and Grassi, Elena and Lussana, Alessandro and Mariella, Elisa and Provero, Paolo},
  journal={bioRxiv},
  pages={2021--05},
  year={2021},
  publisher={Cold Spring Harbor Laboratory}
}

@incollection{marotta2021prediction,
  title={PREDICTION OF GENE EXPRESSION FROM TRANSCRIPTION FACTORS AFFINITIES: AN APPLICATION OF BAYESIAN NON-LINEAR MODELLING},
  author={Marotta, Federico and Provero, Paolo and Montagna, Silvia and others},
  booktitle={CLADAG 2021 BOOK OF ABSTRACTS AND SHORT PAPERS},
  volume={128},
  pages={376--379},
  year={2021},
  publisher={Firenze University Press}
}

@article{zhao2024thanos,
  title={Thanos: An R Package for the Gene-Centric Analysis of Functional Potential in Metagenomic Samples},
  author={Zhao, Zhe and Marotta, Federico and Wu, Min},
  journal={Microorganisms},
  volume={12},
  number={7},
  pages={1264},
  year={2024},
  publisher={MDPI}
}

@article{keller2024refined,
  title={Refined Enterotyping reveals dysbiosis in global fecal metagenomes},
  author={Keller, Marisa Isabell and Nishijima, Suguru and Podlesny, Daniel and Kim, Chan Yeong and Robbani, Shahriyar Mahdi and Schudoma, Christian and Fullam, Anthony and Richter, Jonas and Letunic, Ivica and Akanni, Wasiu and others},
  journal={bioRxiv},
  pages={2024--08},
  year={2024},
  publisher={Cold Spring Harbor Laboratory}
}

@article{keller2024linking,
  title={Linking gut microbiome enterotypes and dysbiosis to liver disease severity and prognosis},
  author={Keller, Marisa Isabell and Nishijima, Suguru and Podlesny, Daniel and Kim, Chan Yeong and Robbani, Shahriyar Mahdi and Schudoma, Christian and Fullam, Anthony and Akanni, Wasiu and Orakov, Askarbek and Schmidt, Thomas Sebastian and others},
  journal={Journal of Hepatology},
  volume={80},
  pages={S48--S48},
  year={2024},
  publisher={Elsevier}
}

@article{zhao2024microbial,
  title={The microbial community structure and nitrogen cycle of high-altitude pristine saline lakes on the Qinghai-Tibetan plateau},
  author={Zhao, Zhe and Zhao, Yuxiang and Marotta, Federico and Xamxidin, Maripat and Li, Huan and Xu, Junquan and Hu, Baolan and Wu, Min},
  journal={Frontiers in Microbiology},
  volume={15},
  pages={1424368},
  year={2024},
  publisher={Frontiers Media SA}
}

@article{jensen2025cell,
  title={In-cell discovery and characterization of a non-canonical bacterial protein translocation-folding complex},
  author={Jensen, Rasmus K and Xue, Liang and Marotta, Federico and Somody, Joseph C and Selkrig, Joel and Lenz, Swantje and Rappsilber, Juri and Savitski, Mikhail M and Kosinski, Jan and Typas, Athanasios and others},
  journal={bioRxiv},
  pages={2025--04},
  year={2025},
  publisher={Cold Spring Harbor Laboratory}
}
